<?xml version="1.0" encoding="UTF-8"?><collection xmlns="http://www.loc.gov/MARC21/slim"><record><leader>00572nam--2200217-u-4500</leader><controlfield tag="001">000052947</controlfield><controlfield tag="002">20161230</controlfield><controlfield tag="005">20161230201050</controlfield><controlfield tag="008">101130s1000------------r-----000-0-rum-d</controlfield><datafield ind1=" " ind2=" " tag="020"><subfield code="a">9737603265</subfield></datafield><datafield ind1=" " ind2=" " tag="040"><subfield code="a">IFIN-HH</subfield></datafield><datafield ind1=" " ind2=" " tag="041"><subfield code="a">rum</subfield></datafield><datafield ind1=" " ind2=" " tag="080"><subfield code="a">535(079.1)</subfield></datafield><datafield ind1="1" ind2=" " tag="100"><subfield code="a">Gurlui, Silviu Octavian</subfield></datafield><datafield ind1="1" ind2="0" tag="245"><subfield code="a">Optica;</subfield><subfield code="b">Exercitii si probleme</subfield><subfield code="c">Silviu octavian gurlui; mihai delibas</subfield></datafield><datafield ind1=" " ind2=" " tag="250"><subfield code="a">Editia A Doua</subfield></datafield><datafield ind1=" " ind2=" " tag="260"><subfield code="a">Iasi</subfield><subfield code="b">Casa Editoriala Demiurg</subfield><subfield code="c">2006</subfield></datafield><datafield ind1=" " ind2=" " tag="300"><subfield code="a">445P</subfield></datafield><datafield ind1="1" ind2=" " tag="700"><subfield code="a">Delibas, Mihai</subfield></datafield><datafield ind1=" " ind2=" " tag="852"><subfield code="a">81753</subfield><subfield code="c">535</subfield></datafield><datafield ind1=" " ind2=" " tag="CAT"><subfield code="a">Sys</subfield><subfield code="c">20101130</subfield><subfield code="h">110813</subfield></datafield></record></collection>